<?xml version="1.0" encoding="UTF-8"?><collection xmlns="http://www.loc.gov/MARC21/slim"><record><leader>00345nam--2200133-i-4500</leader><controlfield tag="001">000039997</controlfield><controlfield tag="002">20161230</controlfield><controlfield tag="005">20161230201042</controlfield><controlfield tag="008">060222s1000------------r-----000-0-eng-d</controlfield><datafield ind1=" " ind2=" " tag="080"><subfield code="a">614.876</subfield></datafield><datafield ind1=" " ind2=" " tag="245"><subfield code="a">Safe handling of radioactive isotopes</subfield></datafield><datafield ind1=" " ind2=" " tag="260"><subfield code="a">Washington,U.S.Dept.Of Commerce, 1949. Vi + 30 P</subfield></datafield><datafield ind1=" " ind2=" " tag="490"><subfield code="a">N.B.S.Handbook</subfield></datafield><datafield ind1=" " ind2=" " tag="852"><subfield code="a">10790</subfield></datafield></record></collection>